<?xml version="1.0" encoding="UTF-8"?><collection xmlns="http://www.loc.gov/MARC21/slim"><record><leader>00413nam--2200121-i-4500</leader><controlfield tag="001">000029685</controlfield><controlfield tag="002">20161230</controlfield><controlfield tag="005">20161230201037</controlfield><controlfield tag="008">060222s1000------------r-----000-0-eng-d</controlfield><datafield ind1=" " ind2=" " tag="080"><subfield code="a">621.375.826(01)</subfield></datafield><datafield ind1=" " ind2=" " tag="245"><subfield code="a">Laser fusion: vol.2: october 1977-august 1978. a bibliography with abstracts. search period covered  oct.1977-aug.1978</subfield></datafield><datafield ind1=" " ind2=" " tag="260"><subfield code="a">Springfield, National Information Service, 1978, V + 118p</subfield></datafield><datafield ind1=" " ind2=" " tag="852"><subfield code="a">D.1377</subfield></datafield></record></collection>